@article{yelpdata, 
  title = {https://www.yelp.com/dataset},
  year={2018}
}
@article{bestsplit, 
  title = {https://research.google.com/bigpicture/attacking-discrimination-in-ml/},
  year={2018}
}
@article{portugal2017use,
  title={The use of machine learning algorithms in recommender systems: a systematic review},
  author={Portugal, Ivens and Alencar, Paulo and Cowan, Donald},
  journal={Expert Systems with Applications},
  year={2017},
  publisher={Elsevier}
}
@inproceedings{sarwar2001item,
  title={Item-based collaborative filtering recommendation algorithms},
  author={Sarwar, Badrul and Karypis, George and Konstan, Joseph and Riedl, John},
  booktitle={Proceedings of the 10th international conference on World Wide Web},
  pages={285--295},
  year={2001},
  organization={ACM}
}
@article{cho2002personalized,
  title={A personalized recommender system based on web usage mining and decision tree induction},
  author={Cho, Yoon Ho and Kim, Jae Kyeong and Kim, Soung Hie},
  journal={Expert systems with Applications},
  volume={23},
  number={3},
  pages={329--342},
  year={2002},
  publisher={Elsevier}
}
@inproceedings{das2012sentimantics,
  title={Sentimantics: conceptual spaces for lexical sentiment polarity representation with contextuality},
  author={Das, Amitava and Gamb{\"a}ck, Bj{\"o}rn},
  booktitle={Proceedings of the 3rd Workshop in Computational Approaches to Subjectivity and Sentiment Analysis},
  pages={38--46},
  year={2012},
  organization={Association for Computational Linguistics}
}
@misc{montoyo2012subjectivity,
  title={Subjectivity and sentiment analysis: An overview of the current state of the area and envisaged developments},
  author={Montoyo, Andr{\'e}s and Mart{\'\i}Nez-Barco, Patricio and Balahur, Alexandra},
  year={2012},
  publisher={Elsevier}
}
@inproceedings{spackman1989signal,
  title={Signal detection theory: Valuable tools for evaluating inductive learning},
  author={Spackman, Kent A},
  booktitle={Proceedings of the sixth international workshop on Machine learning},
  pages={160--163},
  year={1989},
  organization={Elsevier}
}
@inproceedings{chen2016xgboost,
  title={Xgboost: A scalable tree boosting system},
  author={Chen, Tianqi and Guestrin, Carlos},
  booktitle={Proceedings of the 22nd acm sigkdd international conference on knowledge discovery and data mining},
  pages={785--794},
  year={2016},
  organization={ACM}
}

